<?xml version="1.0" encoding="UTF-8"?><collection xmlns="http://www.loc.gov/MARC21/slim"><record><leader>00609nam--2200193-u-4500</leader><controlfield tag="001">000055647</controlfield><controlfield tag="002">20161230</controlfield><controlfield tag="005">20161230201052</controlfield><controlfield tag="008">130315s1000------------r-----000-0-eng-d</controlfield><datafield ind1=" " ind2=" " tag="020"><subfield code="a">8185931593</subfield></datafield><datafield ind1=" " ind2=" " tag="040"><subfield code="a">IFIN-HH</subfield></datafield><datafield ind1="1" ind2=" " tag="100"><subfield code="a">Parthasarathy, K.R</subfield></datafield><datafield ind1="1" ind2="0" tag="245"><subfield code="a">Mathematical foundations of quantum mechanics</subfield><subfield code="b">Revised with the assistance of m. krishna</subfield><subfield code="c">K.r. parthasarathy</subfield></datafield><datafield ind1=" " ind2=" " tag="260"><subfield code="a">New Delhi</subfield><subfield code="b">Hindustan Book Agency</subfield><subfield code="c">2005</subfield></datafield><datafield ind1=" " ind2=" " tag="300"><subfield code="a">VIII+170P</subfield></datafield><datafield ind1=" " ind2=" " tag="490"><subfield code="a">Texts And Readings In Mathematics</subfield><subfield code="v">Vol. 35</subfield></datafield><datafield ind1=" " ind2=" " tag="500"><subfield code="a">Donatie: Dr. D.R.Grigore</subfield></datafield><datafield ind1=" " ind2=" " tag="852"><subfield code="a">82354</subfield><subfield code="c">530.14</subfield></datafield><datafield ind1=" " ind2=" " tag="CAT"><subfield code="a">Sys</subfield><subfield code="c">20130319</subfield><subfield code="h">144240</subfield></datafield></record></collection>